<?xml version="1.0" encoding="UTF-8"?><collection xmlns="http://www.loc.gov/MARC21/slim"><record><leader>00678nam--2200193-i-4500</leader><controlfield tag="001">000017083</controlfield><controlfield tag="002">20161230</controlfield><controlfield tag="005">20161230201032</controlfield><controlfield tag="008">060222s1000------------r-----000-0-eng-d</controlfield><datafield ind1=" " ind2=" " tag="020"><subfield code="a">9971502593</subfield></datafield><datafield ind1=" " ind2=" " tag="040"><subfield code="a">IFIN-HH</subfield></datafield><datafield ind1=" " ind2=" " tag="080"><subfield code="a">539.12.01:524.83(061.3)</subfield></datafield><datafield ind1="1" ind2=" " tag="100"><subfield code="a">Alvarez, E</subfield></datafield><datafield ind1="1" ind2="0" tag="245"><subfield code="a">Cosmology and particle physics</subfield><subfield code="b">Proceedings of the xvii gift international seminar on theoretical physics, 2-7 june, 1986, pensicola castellon, spain</subfield><subfield code="c">E. alvarez, r. dominguez tenreiro, j.m. ibanez cabanell, m. quiros (eds.)</subfield></datafield><datafield ind1=" " ind2=" " tag="260"><subfield code="a">Singapore</subfield><subfield code="b">World Scientific</subfield><subfield code="c">1987</subfield></datafield><datafield ind1=" " ind2=" " tag="300"><subfield code="a">XIV+283P</subfield></datafield><datafield ind1="1" ind2=" " tag="700"><subfield code="a">Quiros, M</subfield><subfield code="e">Ed</subfield></datafield><datafield ind1=" " ind2=" " tag="852"><subfield code="a">79735</subfield><subfield code="c">523</subfield></datafield><datafield ind1=" " ind2=" " tag="CAT"><subfield code="a">Sys</subfield><subfield code="c">20141210</subfield><subfield code="h">130440</subfield></datafield></record></collection>